@book{BS,
   author={Bartle, Robert G. and Sherbert, Donald R.},
   title={Introduction to Real Analysis},
   edition={3},
   publisher={John Wiley \& Sons Inc.},
   place={New York},
   year={2000},
}

@book{Rudin:baby,
   author={Rudin, Walter},
   title={Principles of Mathematical Analysis},
   edition={3},
   note={International Series in Pure and Applied Mathematics},
   publisher={McGraw-Hill Book Co.},
   place={New York},
   year={1976},
   pages={x+342},
}
